@book{benson_mec_2024,
	address = {Montréal},
	edition = {6e},
	title = {Physique 1 - Mécanique},
	language = {fr},
	publisher = {ERPI},
	author = {Benson, Harris},
	year = {2024},
}

@book{benson_em_2024,
	address = {Montréal},
	edition = {6e},
	title = {Physique 2 - Électricité et magnétisme},
	language = {fr},
	publisher = {ERPI},
	author = {Benson, Harris},
	year = {2024},
}

@book{lafrance_mec_2014,
	address = {Montréal},
	title = {Physique 1 - Mécanique},
	language = {fr},
	publisher = {Chenelière Éducation},
	author = {Lafrance, René},
	year = {2014},
}

@book{lafrance_em_2014,
	address = {Montréal},
	title = {Physique 2 - Électricité et magnétisme},
	language = {fr},
	publisher = {Chenelière Éducation},
	author = {Lafrance, René},
	year = {2014},
}

@book{seguin_mec_2024,
	address = {Montréal},
	title = {Physique XXI - 1 - Mécanique},
	language = {fr},
	publisher = {Chenelière Éducation},
	author = {Séguin, Marc and Descheneau, Julie and Tardif, Benjamin},
	year = {2024},
}
